@book{BHMW09,
author = {A. Biere and M. Heule and H. {Van Maaren} and T. Walsh}, 
title = {Handbook of Satisfiability},
year = {2009},
publisher = {IOS Press}
}

@article{MZ09,
 author = {Malik, S. and Zhang, L.},
 title = {Boolean Satisfiability from Theoretical Hardness to Practical Success},
 journal = {Communications of the ACM},
 issue_date = {August 2009},
 volume = {52},
 number = {8},
 month = aug,
 year = {2009},
 issn = {0001-0782},
 pages = {76--82},
 numpages = {7},
 doi = {10.1145/1536616.1536637},
 acmid = {1536637},
 publisher = {ACM},
 address = {New York, NY, USA},
} 

@book{Bard09,
 author = {Bard, G. V.},
 title = {Algebraic Cryptanalysis},
 year = {2009},
 isbn = {0387887563, 9780387887562},
 publisher = {Springer},
}

@article{CNO08,
  title={Algebraic Attacks on the {Crypto}-1 Stream Cipher in {MiFare Classic} and {Oyster} Cards.},
  author={Courtois, N. T. and Nohl, K. and O'Neil, S.},
  journal={Cryptology ePrint Archive},
  volume={2008},
  pages={166},
  year={2008}
}

@inproceedings{GGMRVSJ08,
 author = {F. D. Garcia and G. {De Koning Gans} and R. Muijrers and P. {Van Rossum} and R. Verdult and R. {Wichers Schreur} and B. Jacobs},
 title = {Dismantling {MiFare} Classic},
 booktitle = {Proc. of ESORICS},
 address = {M{\'a}laga, Spain},
 year = {2008},
 month=oct
} 

@article{MCP07,
  title={Attacking {Bivium} with {MiniSat}},
  author={C. McDonald and C. Charnes and J. Pieprzyk},
  journal={Cryptology ePrint Archive},
  volume={2007},
  pages={040},
  year={2007}
}

@inproceedings{SNC09,
 author = {Soos, M. and Nohl, K. and Castelluccia, C.},
 title = {Extending {SAT} Solvers to Cryptographic Problems},
 booktitle = {Proc. of SAT},
 month = jul,
 year = {2009},
 address = {Swansea, Wales, United Kingdom}
} 

@inproceedings{CB07,
 author = {Courtois, N. T. and Bard, G. V.},
 title = {Algebraic Cryptanalysis of the Data Encryption Standard},
 booktitle = {Proc. of IMACC},
 year = {2007},
 month = dec,
 address = {Oxford, United Kingdom}
} 

@inproceedings{MZ06,
 author = {Mironov, I. and Zhang, L.},
 title = {Applications of {SAT} Solvers to Cryptanalysis of Hash Functions},
 booktitle = {Proc. of SAT},
 year = {2006},
 month = aug,
 address = {Seattle, WA}
}

@inproceedings{DKV07,
 author = {De, D. and Kumarasubramanian, A. and Venkatesan, R.},
 title = {Inversion Attacks on Secure Hash Functions Using {SAT} Solvers},
 booktitle = {Proc. of SAT},
 year = {2007},
 month = may,
 address = {Lisbon, Portugal}
} 

@article{GG14,
    author = {S. D. Galbraith and S. W. Gebregiyorgis},
    title = {Summation polynomial algorithms for elliptic curves in characteristic two},
    journal = {Cryptology ePrint Archive},
	volume={2014},
	pages={806},
	year={2014}
}

@inproceedings{FJ03,
  author = {Faug\`{e}re, J. and Joux, A.},
  title = {Algebraic Cryptanalysis of Hidden Field Equation ({HFE}) Cryptosystems Using {G}r\"{o}bner Bases},
  booktitle = {Proc. of CRYPTO},
  year = {2003},
  month = aug,
  address = {Santa Barbara, CA}
}

@inproceedings{EDC09,
  author = {Erickson, J. and Ding, J. and Christensen, C.},
  title = {Algebraic Cryptanalysis of {SMS4}: {G}r\"{o}bner Basis Attack and {SAT} Attack Compared},
  booktitle = {Proc. of ICISC},
  year = {2009},
  month = dec,
  address = {Seoul, Korea}
}

@article{AAG99,
  author = {Anshel, I. and Anshel, M. and Goldfeld, D.},
  title = {An algebraic method for public-key cryptography},
  journal = {Mathematical Research Letters},
    volume ={6},
    issue = {3},
    pages = {287-291},
   year = {1999},
}

@article{CDL06,
  author = {Cortier, V. and Delaune, S. and Lafourcade, P.},
  title = {A Survey of Algebraic Properties Used in Cryptographic Protocols},
  journal = {Journal of Computer Security},
    volume = {14},
    issue = {1},
    pages = {1-43},
    year = {2006}
}

@article{GKN09,
  author = {Grigoriev, D. and Kojevnikov, A. and S. J. Nikolenko},
  title = {Algebraic cryptography: new constructions and their security against provable break},
  journal = {St. Petersburg Math Journal},
   volume = {20},
   issue = {6},
   pages = {937-953},
   year = {2009}
}

@article{MS13,
  author = {Morawiecki, P. and Srebrny, M.},
  title = {A {SAT}-based preimage analysis of reduced {K}eccak hash functions},
  journal = {Information Processing Letters},
    volume = {113},
    issue = {10},
    pages = {392-397},
    year = {2013}
}

@article{BCJ07,
  author = {Bard, G. V. and Courtois, N. and Jefferson, C.},
  title = {Efficient Methods for Conversion and Solution of Sparse Systems of Low-Degree Multivariate Polynomials over {GF}(2) via {SAT}-Solvers},
  journal = {Cryptology ePrint Archive},
    volume = {2007},
    issue = {2},
    pages = {24},
    year = {2007}
}

@article{BD09,
  author = {Brickenstein, M. and Dreyer, A.},
  title = {{PolyBoRi}: A framework for {G}r\"{o}bner-basis computations with Boolean polynomials},
  journal = {Journal of Symbolic Computation},
    volume = {44},
    issue = {9},
    pages = {1326-1345},
    year = {2009}
}


@article{JLRS12,
  author = {M. J{\"a}rvisalo and D. {Le Berre} and O. Roussel and L. Simon},
  title = {The international {SAT} solver competitions},
  journal = {AI Magazine},
    volume = {33},
    issue = {1},
    pages = {89-92},
    year = {2012}
}
   
@article{BDMOS12,
 author = {Barrett, C. and Deters, M. and {De Moura}, L. and Oliveras, A. and Stump, A.},
 title = {6 Years of {SMT-COMP}},
 journal = {Journal of Automated Reasoning},
 volume = {50},
 number = {3},
 month = mar,
 year = {2013}
} 

@article{Stanek14,
    author = {Martin Stanek},
    title = {Experimenting with {Shuffle Block Cipher} and {SMT} Solvers},
    journal = {Cryptology ePrint Archive},
    volume = {2014},
    pages = {919},
    year = {2014}
}

@book{USDOC15,
	author = {{U.S. Department of Commerce}},
	title={{SHA}-3 Standard: Permutation-Based Hash and Extendable-Output Functions'},
	year={2015},
	publisher = {National Institute of Standards and Technology},
	address = {Gaithersburg, MD}
}